<record><leader>00000cas a22000007a 4500</leader><controlfield tag="001">11742131</controlfield><controlfield tag="008">850227d19681979arudr ne      0   a0eng d</controlfield><datafield ind1=" " ind2=" " tag="010"><subfield code="a">sn 85008178 </subfield></datafield><datafield ind1=" " ind2=" " tag="040"><subfield code="a">NSD</subfield><subfield code="b">eng</subfield><subfield code="c">NSD</subfield><subfield code="d">ANU</subfield><subfield code="d">OCLCQ</subfield></datafield><datafield ind1=" " ind2=" " tag="012"><subfield code="j">0</subfield><subfield code="l">a</subfield><subfield code="m">d</subfield></datafield><datafield ind1="1" ind2=" " tag="022"><subfield code="a">8750-7501</subfield><subfield code="l">8750-7501</subfield><subfield code="2">1</subfield></datafield><datafield ind1=" " ind2=" " tag="037"><subfield code="b">Jacksonville Daily News, 116 W. Hickory, Jacksonville, AR 72076</subfield></datafield><datafield ind1=" " ind2=" " tag="042"><subfield code="a">nsdp</subfield></datafield><datafield ind1="0" ind2=" " tag="130"><subfield code="a">Jacksonville daily news (Jacksonville, Ark. : 1968)</subfield></datafield><datafield ind1=" " ind2="0" tag="222"><subfield code="a">Jacksonville daily news</subfield></datafield><datafield ind1="1" ind2="0" tag="245"><subfield code="a">Jacksonville daily news.</subfield></datafield><datafield ind1="3" ind2="0" tag="246"><subfield code="a">Weekend news</subfield></datafield><datafield ind1="3" ind2="0" tag="246"><subfield code="a">Sunday news</subfield></datafield><datafield ind1=" " ind2=" " tag="260"><subfield code="a">Jacksonville, Ark. :</subfield><subfield code="b">Economy Print. Co.</subfield></datafield><datafield ind1=" " ind2=" " tag="300"><subfield code="a">v.</subfield></datafield><datafield ind1=" " ind2=" " tag="310"><subfield code="a">Daily,</subfield><subfield code="b">Oct. 2, 1976-Oct. 16, 1979</subfield></datafield><datafield ind1=" " ind2=" " tag="321"><subfield code="a">Daily (except Saturday and Sunday),</subfield><subfield code="b">&lt;Mar. 17, 1969-June 18, 1973&gt;</subfield></datafield><datafield ind1=" " ind2=" " tag="321"><subfield code="a">Daily (except Saturday),</subfield><subfield code="b">&lt;Aug. 26, 1973&gt;-Oct. 1, 1976</subfield></datafield><datafield ind1="1" ind2=" " tag="362"><subfield code="a">Began in 1968?</subfield></datafield><datafield ind1="0" ind2=" " tag="362"><subfield code="a">-v. 22, no. 57 (Oct. 16, 1979).</subfield></datafield><datafield ind1=" " ind2=" " tag="500"><subfield code="a">Published on Sundays as: Weekend news, &lt;Aug. 26, 1973&gt;-Nov. 11, 1973, and: Sunday news, Nov. 18, 1973-Oct. 14, 1979.</subfield></datafield><datafield ind1=" " ind2=" " tag="515"><subfield code="a">Numbering is irregular.</subfield></datafield><datafield ind1=" " ind2=" " tag="588"><subfield code="a">Description based on: Vol. 2, no. 103 (Mar. 17, 1969).</subfield></datafield><datafield ind1=" " ind2="4" tag="651"><subfield code="a">Jacksonville (Ark.)</subfield><subfield code="v">Newspapers.</subfield></datafield><datafield ind1=" " ind2=" " tag="752"><subfield code="a">United States</subfield><subfield code="b">Arkansas</subfield><subfield code="c">Pulaski</subfield><subfield code="d">Jacksonville.</subfield></datafield><datafield ind1="0" ind2="0" tag="785"><subfield code="t">Daily news (Jacksonville, Ark.)</subfield><subfield code="w">(DLC)sn 92050046</subfield></datafield><datafield ind1=" " ind2=" " tag="936"><subfield code="a">Feb. 24, 1985</subfield></datafield></record>